@article{c1,
author = {Chen, Zhen-Yao and Kuo, R. J.},
title = {Evolutionary Algorithm-Based Radial Basis Function Neural Network Training for Industrial Personal Computer Sales Forecasting},
journal = {Computational Intelligence},
volume = {33},
number = {1},
pages = {56-76},
keywords = {radial basis function neural network, industrial personal computer, sales forecasting, genetic algorithm, artificial immune system},
doi = {10.1111/coin.12073},
url = {https://onlinelibrary.wiley.com/doi/abs/10.1111/coin.12073},
eprint = {https://onlinelibrary.wiley.com/doi/pdf/10.1111/coin.12073},
year = {2017}
}

@article{c2,
author={Veiga,Claudimar P. d. and Veiga, Cássia Rita Pereira da and Puchalski,Weslly and Coelho,Leandro d. S. and Tortato,Ubiratã},
year={2016},
title={Demand forecasting based on natural computing approaches applied to the foodstuff retail segment},
journal={Journal of Retailing and Consumer Services},
volume={31},
pages={174-181},
isbn={0969-6989},
language={English},
}

@article{c3,
  title={SKU demand forecasting in the presence of promotions},
  author={Ali, {\"O}zden G{\"u}r and Say{\i}n, Serpil and Van Woensel, Tom and Fransoo, Jan},
  journal={Expert Systems with Applications},
  volume={36},
  number={10},
  pages={12340--12348},
  year={2009},
  publisher={Elsevier}
}

@article{c4,
author={Huang,Tao and Fildes,Robert and Soopramanien,Didier},
year={2014},
title={The value of competitive information in forecasting FMCG retail product sales and the variable selection problem},
journal={European Journal of Operational Research},
volume={237},
number={2},
pages={738-748},
isbn={0377-2217},
language={English},
}

@article{c5, 
author={Weng,Tingyu and Liu,Wenyang and Xiao,Jun},
year={2019;2020},
title={Supply chain sales forecasting based on lightGBM and LSTM combination model},
journal={Industrial Management & Data Systems},
volume={120},
number={2},
pages={265-279},
isbn={0263-5577},
language={English},
}

@article{c6,
author={Helmini,Suleka and Jihan,Nadheesh and Jayasinghe,Malith and Perera,Srinath},
year={2019},
title={Sales forecasting using multivariate long short term memory network models},
journal={PeerJ PrePrints}
}

@article{c7,
author={Shao,Bilin and Li,Maolin and Zhao,Yu and Bian,Genqing},
year={2019},
title={Nickel Price Forecast Based on the LSTM Neural Network Optimized by the Improved PSO Algorithm},
journal={Mathematical Problems in Engineering},
volume={2019},
pages={1-15},
isbn={1024-123X},
language={English},
}

@article{c8,
author={Punia,Sushil and Nikolopoulos,Konstantinos and Singh,Surya P. and Madaan,Jitendra K. and Litsiou,Konstantia},
year={2020},
title={Deep learning with long short-term memory networks and random forests for demand forecasting in multi-channel retail},
journal={International Journal of Production Research},
pages={1-16},
isbn={0020-7543},
language={English},
}

@article{c9,
author={Scherer,Magdalena},
year={2018},
title={Multi-layer neural networks for sales forecasting},
journal={Journal of Applied Mathematics and Computational Mechanics},
volume={17},
number={1},
pages={61-68},
isbn={2299-9965},
language={English},
}

@article{c10,
author = {Steffen Q. Mueller},
title = {Pre- and within-season attendance forecasting in Major League Baseball: a random forest approach},
journal = {Applied Economics},
volume = {0},
number = {0},
pages = {1-18},
year  = {2020},
publisher = {Routledge},
doi = {10.1080/00036846.2020.1736502},
URL = {https://doi.org/10.1080/00036846.2020.1736502},
eprint = {https://doi.org/10.1080/00036846.2020.1736502}
}

@article{c11,
author={Weytjens,Hans and Lohmann,Enrico and Kleinsteuber,Martin},
year={2019},
title={Cash flow prediction: MLP and LSTM compared to ARIMA and Prophet},
journal={Electronic Commerce Research},
isbn={1389-5753},
language={English},
}

@article{c12,
author={Taskaya-Temizel,Tugba and Casey,Matthew C.},
year={2005},
title={A comparative study of autoregressive neural network hybrids},
journal={Neural Networks},
volume={18},
number={5},
pages={781-789},
isbn={0893-6080},
language={English},
}

@article{c13,
  title={Application of long short-term memory neural network to sales forecasting in retail—a case study},
  author={Yu, Quan and Wang, Kesheng and Strandhagen, Jan Ola and Wang, Yi},
  booktitle={International Workshop of Advanced Manufacturing and Automation},
  pages={11--17},
  year={2017},
  organization={Springer}
}

@article{c14,
    title = "Sales forecasting using extreme learning machine with applications in fashion retailing",
    journal = "Decision Support Systems",
    volume = "46",
    number = "1",
    pages = "411 - 419",
    year = "2008",
    issn = "0167-9236",
    doi = "https://doi.org/10.1016/j.dss.2008.07.009",
    url = "https://www.sciencedirect.com/science/article/pii/S0167923608001371",
    author = "Zhan-Li Sun and Tsan-Ming Choi and Kin-Fan Au and Yong Yu",
}

@misc{dataset,
  author = {Kaggle},
  title = {M5 Forecasting - Accuracy},
  organization = {University of Nicosia},
  year = 2020,
  url = {https://www.kaggle.com/c/m5-forecasting-accuracy/},
}

@misc{m5,
    title={The M5 Competition},
    organization={M Open Forecasting Center (MOFC)},
    year=2020,
    url={https://mofc.unic.ac.cy/m5-competition/}
}

@misc{yardstick,
    author={Kuhn,Max and Vaughan,Davis},
    title={Mean absolute scaled error - mase},
    organization={yardstick},
    url={https://yardstick.tidymodels.org/reference/mase.html}
}